Automatically generated by Mendeley 1.8
Any changes to this file will be lost if it is regenerated by Mendeley.

@article{Li2008a,
author = {Li, H. and Chen, Z.},
doi = {10.1049/iet-rpg:20070044},
file = {:home/okeysan/Documents/Mendeley Desktop/2008/Overview of different wind generator systems and their comparisons\_Li, Chen\_2008.pdf:pdf},
issn = {17521416},
journal = {IET Renewable Power Generation},
keywords = {review,wind turbine},
mendeley-tags = {review,wind turbine},
number = {2},
pages = {123},
publisher = {IET},
title = {{Overview of different wind generator systems and their comparisons}},
url = {http://ieeexplore.ieee.org/xpls/abs\_all.jsp?arnumber=4469298 http://link.aip.org/link/ISETCN/v2/i2/p123/s1\&Agg=doi},
volume = {2},
year = {2008}
}
